<?xml version="1.0" encoding="UTF-8"?><record xmlns="http://www.loc.gov/MARC21/slim" xmlns:cinclude="http://apache.org/cocoon/include/1.0" xmlns:zs="http://www.loc.gov/zing/srw/">
  <leader>00528nz  a2200157n  4500</leader>
  <controlfield tag="001">no2001072988</controlfield>
  <controlfield tag="003">DLC</controlfield>
  <controlfield tag="005">20010914071005.0</controlfield>
  <controlfield tag="008">010913n| acannaabn          |a aaa     c</controlfield>
  <datafield tag="010" ind1=" " ind2=" ">
    <subfield code="a">no2001072988</subfield>
  </datafield>
  <datafield tag="035" ind1=" " ind2=" ">
    <subfield code="a">(OCoLC)oca05580361</subfield>
  </datafield>
  <datafield tag="040" ind1=" " ind2=" ">
    <subfield code="a">SaPrUSA</subfield>
    <subfield code="b">eng</subfield>
    <subfield code="c">SaPrUSA</subfield>
  </datafield>
  <datafield tag="100" ind1="1" ind2=" ">
    <subfield code="a">Drennan, G. R.</subfield>
  </datafield>
  <datafield tag="400" ind1="1" ind2=" ">
    <subfield code="a">Drennan, Gillian Ruth</subfield>
  </datafield>
  <datafield tag="670" ind1=" " ind2=" ">
    <subfield code="a">A crustal profile in the Archaean Basement west of the Welkom Goldfields, 1988:</subfield>
    <subfield code="b">t.p. (G.R. Drennan)</subfield>
  </datafield>
  <datafield tag="670" ind1=" " ind2=" ">
    <subfield code="a">SANB 89</subfield>
    <subfield code="b">(hdg.: Drennan, G. R. (Gillian Ruth), 1961-; usage: G.R. Drennan)</subfield>
  </datafield>
</record>